<?xml version='1.0' encoding='utf-8'?>
<record xmlns="http://www.loc.gov/MARC21/slim" xmlns:xsi="http://www.w3.org/2001/XMLSchema-instance">
  <leader>00000cas^a2200361^a^4500</leader>
  <controlfield tag="001">009257188</controlfield>
  <controlfield tag="005">20101217131938.0</controlfield>
  <controlfield tag="008">851207d18781909miucr^ne^^^^^^0^^^^0eng^d</controlfield>
  <datafield tag="010" ind1=" " ind2=" ">
    <subfield code="a">sn 85038673</subfield>
  </datafield>
  <datafield tag="035" ind1=" " ind2=" ">
    <subfield code="a">(OCoLC)12881733</subfield>
  </datafield>
  <datafield tag="035" ind1=" " ind2=" ">
    <subfield code="a">(OCoLC)ocm12881733</subfield>
  </datafield>
  <datafield tag="040" ind1=" " ind2=" ">
    <subfield code="a">NPY</subfield>
    <subfield code="c">NPY</subfield>
    <subfield code="d">NPX</subfield>
    <subfield code="d">MHN</subfield>
    <subfield code="d">OCL</subfield>
    <subfield code="d">MiU-H</subfield>
  </datafield>
  <datafield tag="042" ind1=" " ind2=" ">
    <subfield code="a">lcd</subfield>
  </datafield>
  <datafield tag="130" ind1="0" ind2=" ">
    <subfield code="a">Port Huron weekly times (Port Huron, Mich. : 1878)</subfield>
  </datafield>
  <datafield tag="245" ind1="0" ind2="0">
    <subfield code="a">Port Huron weekly times.</subfield>
  </datafield>
  <datafield tag="246" ind1="1" ind2="3">
    <subfield code="a">Port Huron times</subfield>
  </datafield>
  <datafield tag="260" ind1=" " ind2=" ">
    <subfield code="a">Port Huron, Mich. :</subfield>
    <subfield code="b">[s.n..</subfield>
  </datafield>
  <datafield tag="300" ind1=" " ind2=" ">
    <subfield code="a">v. ;</subfield>
    <subfield code="c">53 cm.</subfield>
  </datafield>
  <datafield tag="310" ind1=" " ind2=" ">
    <subfield code="a">Semiweekly</subfield>
    <subfield code="b">Aug. 9, 1898-Nov. 12, 1909.</subfield>
  </datafield>
  <datafield tag="321" ind1=" " ind2=" ">
    <subfield code="a">Weekly</subfield>
    <subfield code="b">Apr. 4, 1878-Aug. 4, 1898</subfield>
  </datafield>
  <datafield tag="362" ind1="0" ind2=" ">
    <subfield code="a">Vol. 10, no. 40 (Apr. 4, 1878)-v. 28, no. 519 (Aug. 4, 1898) = whole no. 459-1419 ; v. 30, no. 9 (Aug. 9, 1898)-v. 34, no. 12 (Oct. 31, 1902) ; Old series, v. 34, no. 20 (Nov. 4, 1902)-Old ser., v. 40, no. 89 (Nov. 12, 1909) = New ser., v. 1, no. 1 (Nov. 4, 1902)-new ser., v. 8, no. 25 (Nov. 12, 1909).</subfield>
  </datafield>
  <datafield tag="515" ind1=" " ind2=" ">
    <subfield code="a">Issues for: Aug. 9, 1898-Oct. 31, 1902, use same numbering designation for both issues each week.</subfield>
  </datafield>
  <datafield tag="515" ind1=" " ind2=" ">
    <subfield code="a">Issues for: Nov. 4, 1902- , also called: New series, vol. 1, no. 1-</subfield>
  </datafield>
  <datafield tag="580" ind1=" " ind2=" ">
    <subfield code="a">Daily ed.: Port Huron daily times (Port Huron, Mich. : 1872).</subfield>
  </datafield>
  <datafield tag="651" ind1=" " ind2="0">
    <subfield code="a">Port Huron (Mich.)</subfield>
    <subfield code="v">Newspapers.</subfield>
  </datafield>
  <datafield tag="651" ind1=" " ind2="0">
    <subfield code="a">Saint Clair County (Mich.)</subfield>
    <subfield code="v">Newspapers.</subfield>
  </datafield>
  <datafield tag="690" ind1=" " ind2="4">
    <subfield code="a">Newspapers</subfield>
    <subfield code="y">1881-1890</subfield>
    <subfield code="z">Michigan</subfield>
    <subfield code="z">Port Huron.</subfield>
  </datafield>
  <datafield tag="690" ind1=" " ind2="4">
    <subfield code="a">Newspapers</subfield>
    <subfield code="y">1901-1910</subfield>
    <subfield code="z">Michigan</subfield>
    <subfield code="z">Port Huron.</subfield>
  </datafield>
  <datafield tag="752" ind1=" " ind2=" ">
    <subfield code="a">United States</subfield>
    <subfield code="b">Michigan</subfield>
    <subfield code="c">Saint Clair</subfield>
    <subfield code="d">Port Huron.</subfield>
  </datafield>
  <datafield tag="775" ind1="1" ind2=" ">
    <subfield code="t">Port Huron daily times</subfield>
    <subfield code="w">(DLC)sn 85033798</subfield>
    <subfield code="w">(OCoLC)12267844</subfield>
  </datafield>
  <datafield tag="780" ind1="0" ind2="0">
    <subfield code="t">Port Huron times (Port Huron, Mich. : 1872)</subfield>
    <subfield code="w">(DLC)sn 96077476</subfield>
    <subfield code="w">(OCoLC) 36171875</subfield>
  </datafield>
  <datafield tag="785" ind1="0" ind2="0">
    <subfield code="t">Port Huron twice-a-week times</subfield>
    <subfield code="w">(DLC)sn 96077477</subfield>
    <subfield code="w">(OCoLC) 36172295</subfield>
  </datafield>
  <datafield tag="852" ind1="8" ind2=" ">
    <subfield code="a">MiU-H</subfield>
    <subfield code="b">BENT</subfield>
    <subfield code="h">2010219 Aa 2</subfield>
  </datafield>
  <datafield tag="997" ind1=" " ind2=" ">
    <subfield code="a">MARS</subfield>
  </datafield>
  <datafield tag="SID" ind1=" " ind2=" ">
    <subfield code="a">Z39</subfield>
    <subfield code="b">OCLC_BIB</subfield>
  </datafield>
  <datafield tag="955" ind1=" " ind2=" ">
    <subfield code="b">BENT</subfield>
    <subfield code="p">B4476859</subfield>
  </datafield>
</record>
